<record><leader>00000cas a22000007a 4500</leader><controlfield tag="001">16994049</controlfield><controlfield tag="008">871117d18871906ohucr ne      0    0eng d</controlfield><datafield ind1=" " ind2=" " tag="010"><subfield code="a">sn 87076867 </subfield></datafield><datafield ind1=" " ind2=" " tag="040"><subfield code="a">ONP</subfield><subfield code="b">eng</subfield><subfield code="c">ONP</subfield><subfield code="d">OCLCQ</subfield></datafield><datafield ind1=" " ind2=" " tag="042"><subfield code="a">msc</subfield></datafield><datafield ind1="0" ind2="4" tag="245"><subfield code="a">The Wyandot chief.</subfield></datafield><datafield ind1=" " ind2=" " tag="260"><subfield code="a">Upper Sandusky, Ohio :</subfield><subfield code="b">H.A. Tracht,</subfield><subfield code="c">1887-1906.</subfield></datafield><datafield ind1=" " ind2=" " tag="310"><subfield code="a">Semiweekly</subfield></datafield><datafield ind1="0" ind2=" " tag="362"><subfield code="a">Vol. 9, no. 13 (Oct. 25, 1887)-v.28, no. 5 (Aug. 13, 1906).</subfield></datafield><datafield ind1=" " ind2=" " tag="752"><subfield code="a">United States</subfield><subfield code="b">Ohio</subfield><subfield code="c">Wyandot</subfield><subfield code="d">Upper Sandusky.</subfield></datafield><datafield ind1="0" ind2=" " tag="775"><subfield code="t">Daily chief (Upper Sandusky, Ohio)</subfield><subfield code="w">(DLC)sn 87076868</subfield></datafield><datafield ind1="0" ind2="0" tag="780"><subfield code="t">Weekly chief (Upper Sandusky, Ohio)</subfield><subfield code="w">(DLC)sn 87076866</subfield></datafield><datafield ind1="0" ind2="4" tag="785"><subfield code="t">Daily chief (Upper Sandusky, Ohio)</subfield><subfield code="w">(DLC)sn 87076868</subfield></datafield></record>